@book{hall1980martingale,
  title={Martingale Limit Theory and Its Application},
  author={Hall, Peter and Heyde, Christopher C},
  year={1980},
  publisher={Academic Press},
  address={New York}
}

@book{tong1990nonlinear,
  title={Non-linear Time Series: A Dynamical System Approach},
  author={Tong, Howell},
  year={1990},
  publisher={Oxford University Press},
  address={Oxford}
}

@article{klimko1978conditional,
  title={On Conditional Least Squares Estimation for Stochastic Processes},
  author={Klimko, Lawrence A and Nelson, Paul I},
  journal={The Annals of Statistics},
  volume={6},
  number={3},
  pages={629--642},
  year={1978},
  publisher={Institute of Mathematical Statistics}
}