@misc{ldf,
title = "LDF (Lag Dependence Functions)",
abstract = "LDF (Lag Dependence Functions) is an S-PLUS library for identification of non-linear dependencies in univariate time series. The methods can be considered generalizations of the tools applicable for linear time series.",
author = "Nielsen, \{Henrik Aalborg\}",
year = "2000",
language = "English",
publisher = "Informatics and Mathematical Modelling, Technical University of Denmark, DTU",
}